@article{Nosal2014213,
title = "The effect of weather on the use of North American bicycle facilities: A multi-city analysis using automatic counts ",
journal = "Transportation Research Part A: Policy and Practice ",
volume = "66",
number = "0",
pages = "213 - 225",
year = "2014",
note = "",
issn = "0965-8564",
doi = "http://dx.doi.org/10.1016/j.tra.2014.04.012",
url = "http://www.sciencedirect.com/science/article/pii/S0965856414000998",
author = "Thomas Nosal and Luis F. Miranda-Moreno",
keywords = "Cycling",
keywords = "Facilities",
keywords = "Automated data",
keywords = "Weather",
keywords = "Utilitarian",
keywords = "Recreational "
}

